@INPROCEEDINGS{sports_direct, 
author={{\boldname{C. Chen}} and O. Wang and S. Heinzle and P. Carr and A. Smolic and M. Gross}, 
booktitle={2013 IEEE International Conference on Multimedia and Expo (ICME)}, 
title={Computational sports broadcasting: Automated director assistance for live sports}, 
year={2013}, 
keywords={Broadcasting;Cameras;Computational modeling;Games;Support vector machines;Training;Training data;Computational Broadcast;Image Understanding;Machine Learning;Shot Selection}, 
doi={10.1109/ICME.2013.6607445}, 
ISSN={1945-7871}, 
month={July},}

@INPROCEEDINGS{multiplexing, 
author={{\boldname{C. Chen}} and D. Vaquero and M. Turk}, 
booktitle={2011 International Conference on Computer Vision (ICCV)}, 
title={Illumination demultiplexing from a single image}, 
year={2011}, 
keywords={computational geometry;computer graphics;computer vision;demultiplexing;image coding;image retrieval;lighting;motion compensation;stereo image processing;computer vision;illumination demultiplexing;illumination separation process;image-based relighting;information extraction;light source;multiflash imaging;photometric stereo;robust motion compensation algorithms;scene geometry;Cameras;Geometry;Image coding;Light sources;Lighting;Multiplexing}, 
doi={10.1109/ICCV.2011.6126220}, 
ISSN={1550-5499}, 
month={Nov},}

@inproceedings{stereo_camera,
 author = {Heinzle, Simon and Greisen, Pierre and Gallup, David and {\boldname{C. Chen}} and Saner, Daniel and Smolic, Aljoscha and Burg, Andreas and Matusik, Wojciech and Gross, Markus},
 title = {Computational Stereo Camera System with Programmable Control Loop},
 booktitle = {ACM SIGGRAPH 2011 Proceedings},
 year = {2011},
 isbn = {978-1-4503-0943-1},
 location = {Vancouver, British Columbia, Canada},
 articleno = {94},
 numpages = {10},
 url = {http://doi.acm.org/10.1145/1964921.1964989},
 doi = {10.1145/1964921.1964989},
 acmid = {1964989},
 keywords = {camera system, programmable, stereoscopy},
} 


